<record><leader>00000cas a22000007a 4500</leader><controlfield tag="001">12659962</controlfield><controlfield tag="008">851011d18271827wvuwr ne      0    0eng d</controlfield><controlfield tag="009">6116</controlfield><datafield ind1=" " ind2=" " tag="010"><subfield code="a">sn 85059531 </subfield></datafield><datafield ind1=" " ind2=" " tag="040"><subfield code="a">WVC</subfield><subfield code="b">eng</subfield><subfield code="c">WVC</subfield><subfield code="d">DLC</subfield><subfield code="d">OCL</subfield></datafield><datafield ind1=" " ind2=" " tag="042"><subfield code="a">msc</subfield></datafield><datafield ind1="0" ind2="0" tag="245"><subfield code="a">Farmers' museum, &amp; Berkeley &amp; Jefferson intelligencer.</subfield></datafield><datafield ind1="0" ind2="0" tag="246"><subfield code="a">Farmers' museum and Berkeley and Jefferson intelligencer</subfield></datafield><datafield ind1=" " ind2=" " tag="260"><subfield code="a">Martinsburg, Va. [W. Va.] :</subfield><subfield code="b">M. Holcomb,</subfield><subfield code="c">1827.</subfield></datafield><datafield ind1=" " ind2=" " tag="300"><subfield code="a">v.</subfield></datafield><datafield ind1=" " ind2=" " tag="310"><subfield code="a">Weekly</subfield></datafield><datafield ind1="0" ind2=" " tag="362"><subfield code="a">Vol. 1, no. 1 (July 26, 1827)-v. 1, no. 6 (Aug. 30, 1827).</subfield></datafield><datafield ind1=" " ind2=" " tag="500"><subfield code="a">"Printed &amp; published for Nancy Alburtis by M. Holcomb."</subfield></datafield><datafield ind1=" " ind2=" " tag="500"><subfield code="a">John Alburtis died c. March, 1827 and his wife Nancy then  published this paper.</subfield></datafield><datafield ind1=" " ind2=" " tag="752"><subfield code="a">United States</subfield><subfield code="b">West Virginia</subfield><subfield code="c">Berkeley</subfield><subfield code="d">Martinsburg.</subfield></datafield><datafield ind1="0" ind2="0" tag="780"><subfield code="t">Journal (Shepherdstown, Va. : 1827)</subfield><subfield code="w">(DLC)sn 85059771</subfield></datafield></record>